@article{hyperkvasir,
author = {Borgli, Hanna and Thambawita, Vajira and Smedsrud, Pia and Hicks, Steven and Jha, Debesh and Eskeland, Sigrun and Randel, Kristin and Pogorelov, Konstantin and Lux, Mathias and Dang Nguyen, Duc Tien and Johansen, Dag and Griwodz, Carsten and Stensland, Haakon and Garcia Ceja, Enrique and Schmidt, Peter and Hammer, Hugo and Riegler, Michael and Halvorsen, Paal and de Lange, Thomas},
year = {2019},
month = {12},
pages = {},
title = {Hyper-Kvasir: A Comprehensive Multi-Class Image and Video Dataset for Gastrointestinal Endoscopy},
doi = {10.31219/osf.io/mkzcq}
}

@article{Burger2012ImageDC,
  title={Image denoising: Can plain neural networks compete with BM3D?},
  author={Harold Christopher Burger and Christian J. Schuler and S. Harmeling},
  journal={2012 IEEE Conference on Computer Vision and Pattern Recognition},
  year={2012},
  pages={2392-2399}
}

@article{Vincent2008ExtractingAC,
  title={Extracting and composing robust features with denoising autoencoders},
  author={Pascal Vincent and H. Larochelle and Yoshua Bengio and Pierre-Antoine Manzagol},
  journal={ICML '08},
  year={2008}
}

@article{Xie2012ImageDA,
  title={Image Denoising and Inpainting with Deep Neural Networks},
  author={Junyuan Xie and Linli Xu and Enhong Chen},
  journal={NIPS},
  year={2012}
}

@article{Vincent2010StackedDA,
  title={Stacked Denoising Autoencoders: Learning Useful Representations in a Deep Network with a Local Denoising Criterion},
  author={Pascal Vincent and H. Larochelle and Isabelle Lajoie and Yoshua Bengio and Pierre-Antoine Manzagol},
  journal={J. Mach. Learn. Res.},
  year={2010},
  volume={11},
  pages={3371-3408}
}

@article{Sutskever2014SequenceTS,
  title={Sequence to Sequence Learning with Neural Networks},
  author={Ilya Sutskever and Oriol Vinyals and Quoc V. Le},
  journal={NIPS},
  year={2014}
}

@article{Hinton2012DeepNN,
  title={Deep Neural Networks for Acoustic Modeling in Speech Recognition: The Shared Views of Four Research Groups},
  author={Geoffrey E. Hinton and L. Deng and Dong Yu and George E. Dahl and Abdel-rahman Mohamed and Navdeep Jaitly and A. Senior and V. Vanhoucke and P. Nguyen and T. Sainath and Brian Kingsbury},
  journal={IEEE Signal Processing Magazine},
  year={2012},
  volume={29},
  pages={82-97}
}

@article{Krizhevsky2012ImageNetCW,
  title={ImageNet classification with deep convolutional neural networks},
  author={A. Krizhevsky and Ilya Sutskever and Geoffrey E. Hinton},
  journal={Communications of the ACM},
  year={2012},
  volume={60},
  pages={84 - 90}
}

@article{Dabov2007ColorID,
  title={Color Image Denoising via Sparse 3D Collaborative Filtering with Grouping Constraint in Luminance-Chrominance Space},
  author={Kostadin Dabov and A. Foi and V. Katkovnik and K. Egiazarian},
  journal={2007 IEEE International Conference on Image Processing},
  year={2007},
  volume={1},
  pages={I - 313-I - 316}
}

@article{Dabov2007ImageDB,
  title={Image Denoising by Sparse 3-D Transform-Domain Collaborative Filtering},
  author={Kostadin Dabov and A. Foi and V. Katkovnik and K. Egiazarian},
  journal={IEEE Transactions on Image Processing},
  year={2007},
  volume={16},
  pages={2080-2095}
}

@article{Zhang2002ImageIR,
  title={Image information restoration based on long-range correlation},
  author={David Zhang and Zhou Wang},
  journal={IEEE Trans. Circuits Syst. Video Technol.},
  year={2002},
  volume={12},
  pages={331-341}
}

@article{Yaroslavsky2001TransformDI,
  title={Transform domain image restoration methods: review, comparison, and interpretation},
  author={L. Yaroslavsky and K. Egiazarian and J. Astola},
  booktitle={IS\&T/SPIE Electronic Imaging},
  year={2001}
}

@article{Coifman1995TranslationInvariantD,
  title={Translation-Invariant DeNoising},
  author={R. Coifman and D. Donoho},
  year={1995}
}

@article{Subakan2007FeaturePI,
  title={Feature Preserving Image Smoothing Using a Continuous Mixture of Tensors},
  author={{\"O}. N. Subakan and B. Jian and B. Vemuri and C. Vallejos},
  journal={2007 IEEE 11th International Conference on Computer Vision},
  year={2007},
  pages={1-6}
}

@article{Rudin1994TotalVB,
  title={Total variation based image restoration with free local constraints},
  author={L. Rudin and S. Osher},
  journal={Proceedings of 1st International Conference on Image Processing},
  year={1994},
  volume={1},
  pages={31-35 vol.1}
}

@article{Perona1990ScaleSpaceAE,
  title={Scale-Space and Edge Detection Using Anisotropic Diffusion},
  author={Pietro Perona and Jitendra Malik},
  journal={IEEE Trans. Pattern Anal. Mach. Intell.},
  year={1990},
  volume={12},
  pages={629-639}
}

@article{Immerkr1996FastNV,
  title={Fast Noise Variance Estimation},
  author={John Immerk{\ae}r},
  journal={Comput. Vis. Image Underst.},
  year={1996},
  volume={64},
  pages={300-302}
}

@article{Xingxing,
author = {Zhou, Wei and Hao, Xingxing and Wang, Kaidi and Zhang, Zhenyang and Yu, Yongxiang and Su, Haonan and Li, Kang and Cao, Xin and Kuijper, Arjan},
year = {2020},
month = {09},
pages = {e0238259},
title = {Improved estimation of motion blur parameters for restoration from a single image},
volume = {15},
journal = {PLOS ONE},
doi = {10.1371/journal.pone.0238259}
}

@article{Siegel,
author = {American Cancer Society},
year = {2021},
month = {01},
pages = {},
title = {Cancer Statistics, 2021},
journal = {CA: a cancer journal for clinicians},
}

@article{Kainuma,
author = {Kainuma, Mosaburo and Furusyo, Norihiro and Urita, Yoshihisa and Nagata, Masaharu and Ihara, Takeshi and Oji, Takeshi and Nakaguchi, Toshiya and Namiki, Takao and Hayashi, Jun},
year = {2015},
month = {10},
pages = {372},
title = {The association between objective tongue color and endoscopic findings: Results from the Kyushu and Okinawa population study (KOPS)},
volume = {15},
journal = {BMC complementary and alternative medicine},
doi = {10.1186/s12906-015-0904-0}
}

@article{Pennazio,
author = {Pennazio, M},
year = {2007},
month = {01},
pages = {867-78},
title = {Capsule endoscopy: Where are we after 6 years of clinical use?},
volume = {38},
journal = {Digestive and liver disease : official journal of the Italian Society of Gastroenterology and the Italian Association for the Study of the Liver},
doi = {10.1016/j.dld.2006.09.007}
}

@article{Wallace,
author = {Wallace, Michael and Kiesslich, Ralf},
year = {2010},
month = {06},
pages = {2140-50},
title = {Advances in Endoscopic Imaging of Colorectal Neoplasia},
volume = {138},
journal = {Gastroenterology},
doi = {10.1053/j.gastro.2009.12.067}
}

@article{Carpi,
author = {Carpi, Federico and Kastelein, Nathan and Talcott, Michael and Pappone, Carlo},
year = {2010},
month = {10},
pages = {231-4},
title = {Magnetically Controllable Gastrointestinal Steering of Video Capsules},
volume = {58},
journal = {IEEE transactions on bio-medical engineering},
doi = {10.1109/TBME.2010.2087332}
}

@article{Filip,
author = {Filip, Dobromir and Yadid-Pecht, Orly and Andrews, Christopher and Mintchev, Martin},
year = {2011},
month = {07},
pages = {2115-25},
title = {Self-Stabilizing Colonic Capsule Endoscopy: Pilot Study of Acute Canine Models},
volume = {30},
journal = {IEEE transactions on medical imaging},
doi = {10.1109/TMI.2011.2163165}
}

@article{Hamashima,
author = {Hamashima, Chisato and Shabana, Michiko and Okada, Katsuo and Okamoto, Mikizo and Osaki, Yoneatsu},
year = {2015},
month = {10},
pages = {n/a-n/a},
title = {Mortality reduction from gastric cancer by endoscopic and radiographic screening},
volume = {106},
journal = {Cancer Science},
doi = {10.1111/cas.12829}
}

@article{Alfonso,
author = {Gastelum, Alfonso and Mata, Lucely and Brito la Fuente},
year = {2015},
month = {07},
pages = {},
title = {Building a three - dimensional model of the upper gastrointestinal tract for computer simulations of swallowing},
volume = {54},
journal = {Medical \& biological engineering \& computing},
doi = {10.1007/s11517-015-1338-z}
}

@ARTICLE{1395870,  author={Byungkyu Kim and Sunghak Lee and Jong Heong Park and Jong-Oh Park},  journal={IEEE/ASME Transactions on Mechatronics},   title={Design and fabrication of a locomotive mechanism for capsule-type endoscopes using shape memory alloys (SMAs)},   year={2005},  volume={10},  number={1},  pages={77-86},  doi={10.1109/TMECH.2004.842222}}

@article{Queiroz,
author = {Queiroz, Fabiane and Ing Ren, Tsang},
year = {2019},
month = {05},
pages = {},
title = {Endoscopy image restoration: A study of the kernel estimation from specular highlights},
volume = {88},
journal = {Digital Signal Processing},
doi = {10.1016/j.dsp.2019.01.012}
}

@article{Silva2013TowardED,
  title={Toward embedded detection of polyps in WCE images for early diagnosis of colorectal cancer},
  author={Juan Silva and A. Histace and O. Romain and X. Dray and B. Granado},
  journal={International Journal of Computer Assisted Radiology and Surgery},
  year={2013},
  volume={9},
  pages={283-293}
}

@article{Tajbakhsh2016AutomatedPD,
  title={Automated Polyp Detection in Colonoscopy Videos Using Shape and Context Information},
  author={Nima Tajbakhsh and S. Gurudu and Jianming Liang},
  journal={IEEE Transactions on Medical Imaging},
  year={2016},
  volume={35},
  pages={630-644}
}

@article{Ali2019EndoscopyAD,
  title={Endoscopy artifact detection (EAD 2019) challenge dataset},
  author={Sharib Ali and Felix Y Zhou and C. Daul and B. Braden and A. Bailey and S. Realdon and J. East and G. Wagni{\`e}res and V. Loschenov and E. Grisan and W. Blondel and J. Rittscher},
  journal={ArXiv},
  year={2019},
  volume={abs/1905.03209}
}

@article{Guo2019GIANAPS,
  title={GIANA Polyp Segmentation with Fully Convolutional Dilation Neural Networks},
  author={Y. Guo and B. Matuszewski},
  journal={VISIGRAPP},
  year={2019}
}

@article{Bernal2018PolypDB,
  title={Polyp Detection Benchmark in Colonoscopy Videos using GTCreator: A Novel Fully Configurable Tool for Easy and Fast Annotation of Image Databases},
  author={Jorge Bernal and A. Histace and Marc Masana and Q. Angermann and C. S{\'a}nchez-Montes and Cristina Rodr{\'i}guez and M. Hammami and Ana Garc{\'i}a-Rodr{\'i}guez and H. C{\'o}rdova and O. Romain and G. Fern{\'a}ndez-Esparrach and X. Dray and Javier S{\'a}nchez},
  year={2018}
}

@article{gastro,
  title={Gastrolab },
  author={the gastrointestinal site},
  year={2019},
  journal={http://www.gastrolab.net/index.htm. Accessed: 2019-12-12},
}

@article{Koulaouzidis2017KIDPA,
  title={KID Project: an internet-based digital video atlas of capsule endoscopy for research purposes},
  author={A. Koulaouzidis and D. Iakovidis and D. Yung and E. Rondonotti and U. Kopylov and J. Plevris and E. Toth and A. Eliakim and Gabrielle Wurm Johansson and W. Marlicz and G. Mavrogenis and A. N{\'e}meth and H. Thorlacius and G. Tontini},
  journal={Endoscopy International Open},
  year={2017},
  volume={5},
  pages={E477 - E483}
}

@article{Qiang,
author = {Yi, Zili and Tang, Qiang and Azizi, Shekoofeh and Jang, Daesik and Xu, Zhan},
year = {2020},
month = {05},
pages = {},
title = {Contextual Residual Aggregation for Ultra High-Resolution Image Inpainting},
}
@article{Bernal2015WMDOVAMF,
  title={WM-DOVA maps for accurate polyp highlighting in colonoscopy: Validation vs. saliency maps from physicians},
  author={Jorge Bernal and F. J. Sanchez and G. Fernandez-Esparrach and D. Gil and C. R. Miguel and F. Vilarino},
  journal={Computerized medical imaging and graphics : the official journal of the Computerized Medical Imaging Society},
  year={2015},
  volume={43},
  pages={
          99-111
        }
}

@article{Bernal2012TowardsAP,
  title={Towards automatic polyp detection with a polyp appearance model},
  author={Jorge Bernal and F. J. S{\'a}nchez and F. Vilari{\~n}o},
  journal={Pattern Recognit.},
  year={2012},
  volume={45},
  pages={3166-3182}
}

@article{Chu,
author = {Chu, Quyen and Zibari, Gazi and Gibbs, J.F.},
year = {2015},
month = {01},
pages = {3-678},
title = {Surgical Oncology: A Practical and Comprehensive Approach},
doi = {10.1007/978-1-4939-1423-4}
}

@article{12,
author = {Yu, Jiahui and Lin, Zhe and Yang, Jimei and Shen, Xiaohui and Lu, Xin},
year = {2018},
month = {01},
pages = {},
title = {Generative Image Inpainting with Contextual Attention}
}

@article{11,
author = {Zeng, Yanhong and Fu, Jianlong and Chao, Hongyang and Guo, Baining},
year = {2019},
month = {06},
pages = {1486-1494},
title = {Learning Pyramid-Context Encoder Network for High-Quality Image Inpainting},
doi = {10.1109/CVPR.2019.00158}
}

@article{10,
author = {Zongyu, Guo and Chen, Zhibo and Yu, Tao and Chen, Jiale and Liu, Sen},
year = {2019},
month = {10},
pages = {2496-2504},
title = {Progressive Image Inpainting with Full-Resolution Residual Network},
isbn = {978-1-4503-6889-6},
doi = {10.1145/3343031.3351022}
}

@article{Motmaen,
author = {Motmaen, Mehran and Mohrekesh, Majid and Akbari, Mojtaba and Karimi, Nader and Samavi, Shadrokh},
year = {2018},
month = {05},
pages = {665-669},
title = {Image Inpainting by Hyperbolic Selection of Pixels for Two-Dimensional Bicubic Interpolations},
doi = {10.1109/ICEE.2018.8472408}
}

@article{Akbari,
author = {Akbari, Mojtaba and Mohrekesh, Majid and Karimi, Nader and Samavi, Shadrokh},
year = {2018},
month = {05},
pages = {488-492},
title = {RIBBONS: Rapid Inpainting Based on Browsing of Neighborhood Statistics},
doi = {10.1109/ICEE.2018.8472619}
}

@article{Xue,
author = {Xue, Zhiyun and Antani, Sameer and Long, L. and Jeronimo, Jose and Thoma, George},
year = {2007},
month = {03},
pages = {},
title = {Comparative performance analysis of cervix ROI extraction and specular reflection removal algorithms for uterine cervix image analysis - art. no. 65124I},
volume = {6512},
journal = {Progress in Biomedical Optics and Imaging - Proceedings of SPIE},
doi = {10.1117/12.709588}
}
@article{Sun,
author = {Sun, Kaiqiong and Sang, Nong},
year = {2007},
month = {01},
pages = {},
title = {Enhancement of Vascular Angiogram by Multiscale Morphology},
doi = {10.1109/ICBBE.2007.338}
}

@article{Lange,
author = {Lange, Holger},
year = {2005},
month = {04},
pages = {},
title = {Automatic glare removal in reflectance imagery of the uterine cervix},
volume = {5747},
journal = {Progress in Biomedical Optics and Imaging - Proceedings of SPIE},
doi = {10.1117/12.596012}
}

@article{Zimmerman,
author = {Zimmerman Moreno, Gali and Greenspan, Hayit},
year = {2006},
month = {03},
pages = {2037-2045},
title = {Automatic detection of specular reflections in uterine cervix images},
volume = {6144},
journal = {Proc SPIE},
doi = {10.1117/12.653089}
}

@article{Karapetyan,
author = {Karapetyan, Gevorg and Sarukhanyan, Hakob},
year = {2013},
month = {09},
pages = {1-8},
title = {Automatic detection and concealment of specular reflections for endoscopic images},
isbn = {978-1-4799-2461-5},
journal = {CSIT 2013 - 9th International Conference on Computer Science and Information Technologies, Revised Selected Papers},
doi = {10.1109/CSITechnol.2013.6710353}
}

@article{Mirko,
author = {Mirko, Arnold and Anarta, Ghosh and Stefan, Ameling and Gerard, Lacey},
year = {2010},
month = {01},
pages = {},
title = {Automatic Segmentation and Inpainting of Specular Highlights for Endoscopic Imaging},
volume = {2010},
journal = {EURASIP Journal on Image and Video Processing},
doi = {10.1155/2010/814319}
}

@article{Goyal,
author = {Goyal, Bhawna and Dogra, Ayush and Agrawal, Sunil and Sohi, B},
year = {2018},
month = {09},
pages = {1227-1237},
title = {Noise Issues Prevailing in Various Types of Medical Images},
volume = {11},
journal = {Biomedical and Pharmacology Journal},
doi = {10.13005/bpj/1484}
}

@article{Michael,
author = {Gschwandtner, Michael and Hämmerle-Uhl, Jutta and Höller, Yvonne and Liedlgruber, M. and Uhl, Andreas and Vécsei, Andreas},
year = {2012},
month = {09},
pages = {158-163},
title = {Improved Endoscope Distortion Correction does not Necessarily Enhance Mucosa-Classification based Medical Decision Support Systems},
journal = {Proceedings of the IEEE International Workshop on Multimedia Signal Processing},
doi = {10.1109/MMSP.2012.6343433}
}

@article{Uhl,
author = {Liedlgruber, M. and Uhl, Andreas and Vécsei, Andreas},
year = {2011},
month = {08},
pages = {1 - 6},
title = {Statistical analysis of the impact of distortion (correction) on an automated classification of celiac disease},
journal = {Proc IEEE Int. Conf. Digital Signal Process.},
doi = {10.1109/ICDSP.2011.6004900}
}

@article{Andreas,
author = {Gschwandtner, Michael and Liedlgruber, M. and Uhl, Andreas and Vécsei, Andreas},
year = {2010},
month = {11},
pages = {},
title = {Experimental study on the impact of endoscope distortion correction on computer-assisted celiac disease diagnosis},
doi = {10.1109/ITAB.2010.5687708}
}

@article{Gschwandtner,
author = {Gschwandtner, Michael and Liedlgruber, M. and Uhl, Andreas and Vécsei, Andreas},
year = {2010},
month = {11},
pages = {},
title = {Experimental study on the impact of endoscope distortion correction on computer-assisted celiac disease diagnosis},
doi = {10.1109/ITAB.2010.5687708}
}

@article{Hanna,
author = {Hanna, George and Cuschieri, Alfred},
year = {2001},
month = {12},
pages = {1419-27},
title = {Image display technology and image processing},
volume = {25},
journal = {World journal of surgery}
}

@article{Sotiropoulou,
author = {Sotiropoulou, Maria},
year = {2017},
month = {01},
pages = {51-54},
title = {Angiodysplasia},
doi = {10.1007/978-3-319-40560-5_1415}
}

@article{Hurlstone,
author = {Hurlstone, David and Cross, Simon and Adam, Ian and Shorthouse, Andrew and Brown, Steven and Sanders, D and Lobo, AJ},
year = {2004},
month = {03},
pages = {284-90},
title = {Efficacy of high magnification chromoscopic colonoscopy for the diagnosis of neoplasia in flat and depressed lesions of the colorectum: A prospective analysis},
volume = {53},
journal = {Gut},
doi = {10.1136/gut.2003.027623}
}

@article{Eliakim,
author = {Eliakim, Rami},
year = {2004},
month = {06},
pages = {1238-9},
title = {Wireless capsule video endoscopy: Three years of experience},
volume = {10},
journal = {World journal of gastroenterology : WJG},
doi = {10.3748/wjg.v10.i9.1238}
}

@article{Schlag,
author = {Schlag, Christoph and Menzel, Christoph and Nennstiel, Simon and Neu, Bruno and Phillip, Veit and Schuster, Tibor and Schmid, Roland and Delius, Stefan},
year = {2014},
month = {11},
pages = {},
title = {Emergency video capsule endoscopy in patients with acute severe GI bleeding and negative upper endoscopy results},
volume = {81},
journal = {Gastrointestinal endoscopy},
doi = {10.1016/j.gie.2014.09.035}
}

@article{Jensen,
author = {Jensen, Dennis and Ohning, Gordon and Kovacs, Thomas and Ghassemi, Kevin and Jutabha, Rome and Dulai, Gareth and Machicado, Gustavo},
year = {2015},
month = {08},
pages = {},
title = {Doppler Endoscopic Probe as a Guide to Risk Stratification and Definitive Hemostasis of Peptic Ulcer Bleeding},
volume = {83},
journal = {Gastrointestinal endoscopy},
doi = {10.1016/j.gie.2015.07.012}
}

@article{Hazewinkel,
author = {Hazewinkel, Yark and López-Cerón, Maria and East, James and Rastogi, Amit and Pellise, Maria and Nakajima, Takeshi and Eeden, Susanne and Tytgat, Kristien and Fockens, Paul and Dekker, Evelien},
year = {2013},
month = {02},
pages = {},
title = {Endoscopic features of sessile serrated adenomas: Validation by international experts using high-resolution white-light endoscopy and narrow-band imaging},
volume = {77},
journal = {Gastrointestinal endoscopy},
doi = {10.1016/j.gie.2012.12.018}
}

@article{Kato,
author = {Kato, Masayuki and Kaise, Mitsuru and Yonezawa, Jin and Toyoizumi, Hirobumi and Yoshimura, Noboru and Yoshida, Yukinaga and Kawamura, Muneo and Tajiri, Hisao},
year = {2010},
month = {09},
pages = {523-9},
title = {Magnifying endoscopy with narrow-band imaging achieves superior accuracy in the differential diagnosis of superficial gastric lesions identified with white-light endoscopy: A prospective study},
volume = {72},
journal = {Gastrointestinal endoscopy},
doi = {10.1016/j.gie.2010.04.041}
}

@article{Rogy,
author = {Rogy, Prof and Bünger, Marius},
year = {2015},
month = {06},
pages = {3-22},
title = {Historical perspective and gastric pathophysiology},
isbn = {978-3-319-15825-9},
journal = {Gastric Cancer: Principles and Practice},
doi = {10.1007/978-3-319-15826-6_1}
}

@article{Korngold,
author = {Korngold, Elena},
year = {2011},
month = {09},
pages = {174-175},
title = {GISTs—Gastrointestinal Stromal Tumors},
volume = {42},
journal = {Journal of Gastrointestinal Cancer},
doi = {10.1007/s12029-011-9287-8}
}

@article{Namikawa,
author = {Namikawa, Tsutomu and Kobayashi, Michiya and Okabayashi, Takehiro and Ozaki, Shinzo and Nakamura, Seiya and Yamashita, Kuniyasu and Ueta, Hiroshi and Miyazaki, Junichi and Tamura, Satoru and Ohtsuki, Yuji and Araki, Keijiro},
year = {2006},
month = {01},
pages = {256-61},
title = {Primary gastric small cell carcinoma: Report of a case and review of the literature},
volume = {38},
journal = {Medical molecular morphology},
doi = {10.1007/s00795-005-0293-4}
}

@article{Guggenheim,
author = {Guggenheim, Douglas and Shah, Manish},
year = {2013},
month = {03},
pages = {},
title = {Gastric cancer epidemiology and risk factors},
volume = {107},
journal = {Journal of surgical oncology},
doi = {10.1002/jso.23262}
}

@article{Liedlgruber,
author = {Liedlgruber, M. and Uhl, Andreas},
year = {2011},
month = {05},
pages = {},
title = {A Summary of Research Targeted at Computer-Aided Decision Support in Endoscopy of the Gastrointestinal Tract}
}

@article{Axon,
author = {Axon, Anthony},
year = {2008},
month = {02},
pages = {959-70},
title = {Is diagnostic and therapeutic endoscopy currently appropriate?: Suggestions for improvement},
volume = {22},
journal = {Best practice \& research. Clinical gastroenterology},
doi = {10.1016/j.bpg.2008.07.003}
}

@article{Callacondo,
author = {Callacondo, David and Ganoza, Armando and Anicama-Lima, William and Quispe-Mauricio, Angel and Longacre, Teri},
year = {2010},
month = {02},
pages = {307},
title = {Erratum to “Primary squamous cell carcinoma of the stomach with paraneoplastic leukocytosis: a case report and review of the literature” [Hum Pathol 40 (2009) 1494-1498]},
volume = {41},
journal = {Human pathology},
doi = {10.1016/j.humpath.2009.12.001}
}

@article{Owens,
author = {Owens, Scott and Appelman, Henry},
year = {2014},
month = {01},
pages = {117-127},
title = {Atlas of Esophagus and Stomach Pathology},
doi = {10.1007/978-1-4614-8084-6_20}
}

@article{Eberlein,
author = {Eberlein T. and Reid B. and Hawk E.},
year = {2002},
title = {Report of the stomach/esophageal cancers progress review group},
journal = {National Cancer Institute, Bethesda, MD}
}

@article{Roukos,
author = {Roukos DH and Agnantis NJ and Fatouros M and Kappas AM},
year = {2002},
pages={1-3},
title = {Gastric cancer: introduction, pathology, epidemiology},
journal = {Gastric Breast Cancer}
}

@article{Khashab,
author = {Khashab, Mouen and El Zein, Mohamad and Kumbhari, Vivek and Besharati, Sepiedeh and Ngamruengphong, Saowanee and Messallam, Ahmed and Abdelgalil, Ahmed and Saxena, Payal and Tieu, Alan and Raja, Shreya and Stein, Ellen and Dhalla, Sameer and Garcia, Patricia and Singh, Vikesh and Pasricha, Pankaj and Kalloo, Anthony and Clarke, John},
year = {2015},
month = {07},
pages = {},
title = {Comprehensive analysis of efficacy and safety of peroral endoscopic myotomy performed by a gastroenterologist in the endoscopy unit: A single-center experience},
volume = {83},
journal = {Gastrointestinal endoscopy},
doi = {10.1016/j.gie.2015.06.013}
}

@article{Niwa,
author = {Miyahara R, Niwa and Y, Matsuura T and et al.},
year = {2007},
pages = {1435-1442},
journal={J Gastroenterol Hepatol},
title = {Prevalence and prognosis of gastric cancer detected by screening in a large Japanese population: data from a single institute over 30 years},
doi = {10.1111/j.1440-1746.2007.04991.x}
}

@article{weo,
author = {Endoatlas},
year = {2019},
journal={http://www.endoatlas.org/index.php. Accessed: 2019-12-12},
title = {Weo clinical endoscopy atlas},

}

@article{Jha2020KvasirSEGAS,
  title={Kvasir-SEG: A Segmented Polyp Dataset},
  author={Debesh Jha and P. H. Smedsrud and M. Riegler and P. Halvorsen and T. Lange and Dag Johansen and Haavard D. Johansen},
  journal={ArXiv},
  year={2020},
  volume={abs/1911.07069}
}

@article{uci,
author = {UCI},
year = {2019},
url={http://www.depeca.uah.es/colonoscopy_dataset/},
title = {Gastrointestinal lesions in regular colonoscopy dataset},

}

@article{Saini2012ImageSF,
  title={Image Segmentation for Uneven Lighting Images using Adaptive Thresholding and Dynamic Window based on Incremental Window Growing Approach},
  author={R. Saini and M. Dutta},
  journal={International Journal of Computer Applications},
  year={2012},
  volume={56},
  pages={31-36}
}

@article{Yu2017ANS,
  title={A novel segmentation method for uneven lighting image with noise injection based on non-local spatial information and intuitionistic fuzzy entropy},
  author={Haiyan Yu and J. Fan},
  journal={EURASIP Journal on Advances in Signal Processing},
  year={2017},
  volume={2017},
  pages={1-22}
}

@article{Jambhorkar2006UnevenBE,
  title={Uneven Background Extraction And Segmentation Of Good, Normal And Bad Quality Fingerprint Images},
  author={S. Jambhorkar and S. Gornale and V. Humbe and R. Manza and K. Kale},
  journal={2006 International Conference on Advanced Computing and Communications},
  year={2006},
  pages={222-225}
}

@article{Gopi2012CapsuleEC,
  title={Capsule Endoscopic Colour Image Denoising Using Complex Wavelet Transform},
  author={V. Gopi and P. Palanisamy and S. I. Niwas},
  year={2012}
}

@article{Obukhova2018ReviewON,
  title={Review of Noise Reduction Methods and Estimation of their Effectiveness for Medical Endoscopic Images Processing},
  author={N. Obukhova and A. Motyko and A. Pozdeev and B. Timofeev},
  journal={2018 22nd Conference of Open Innovations Association (FRUCT)},
  year={2018},
  pages={204-210}
}

@article{Wang2015SingleIS,
  title={Single image super-resolution via adaptive dictionary pair learning for wireless capsule endoscopy image},
  author={Y. Wang and C. Cai and Y. Zou},
  journal={2015 IEEE International Conference on Digital Signal Processing (DSP)},
  year={2015},
  pages={595-599}
}

@article{Liu2011DeblurringWC,
  title={De-blurring wireless capsule endoscopy images by total variation minimization},
  author={Haiying Liu and W.-S. Lu and M. Meng},
  journal={Proceedings of 2011 IEEE Pacific Rim Conference on Communications, Computers and Signal Processing},
  year={2011},
  pages={102-106}
}
@article{Peng2017EndoscopicVD,
  title={Endoscopic video deblurring via synthesis},
  author={Lingbing Peng and Shuaicheng Liu and D. Xie and Shuyuan Zhu and B. Zeng},
  journal={2017 IEEE Visual Communications and Image Processing (VCIP)},
  year={2017},
  pages={1-4}
}

@article{6032875,  author={Liu, Haiying and Lu, W.-S. and Meng, Max Q.-H.},  journal={Proceedings of 2011 IEEE Pacific Rim Conference on Communications, Computers and Signal Processing},   title={De-blurring wireless capsule endoscopy images by total variation minimization},   year={2011},  volume={},  number={},  pages={102-106},  doi={10.1109/PACRIM.2011.6032875}}

@article{Oh2007InformativeFC,
  title={Informative frame classification for endoscopy video},
  author={Jung-Hwan Oh and S. Hwang and JeongKyu Lee and W. Tavanapong and J. Wong and P. C. Groen},
  journal={Medical image analysis},
  year={2007},
  volume={11 2},
  pages={
          110-27
        }
}

@article{Arnold2009IndistinctFD,
  title={Indistinct Frame Detection in Colonoscopy Videos},
  author={Mirko Arnold and Anarta Ghosh and G. Lacey and S. Patchett and H. Mulcahy},
  journal={2009 13th International Machine Vision and Image Processing Conference},
  year={2009},
  pages={47-52}
}

@article{Borgli2020HyperKvasirAC,
  title={HyperKvasir, a comprehensive multi-class image and video dataset for gastrointestinal endoscopy},
  author={Hanna Borgli and Vajira Lasantha Thambawita and Pia Helen Smedsrud and S. Hicks and Debesh Jha and Sigrun Losada Eskeland and Kristin Ranheim Randel and Konstantin Pogorelov and Mathias Lux and Duc Tien Dang Nguyen and Dag Johansen and Carsten Griwodz and H{\aa}kon Kvale Stensland and Enrique Garcia-Ceja and Peter Thelin Schmidt and Hugo Lewi Hammer and M. Riegler and P. Halvorsen and Thomas de Lange},
  journal={Scientific Data},
  year={2020},
  volume={7}
}

@article{Pogorelov2017KVASIRAM,
  title={KVASIR: A Multi-Class Image Dataset for Computer Aided Gastrointestinal Disease Detection},
  author={Konstantin Pogorelov and K. R. Randel and C. Griwodz and S. L. Eskeland and T. Lange and Dag Johansen and C. Spampinato and Duc-Tien Dang-Nguyen and M. Lux and P. T. Schmidt and M. Riegler and P. Halvorsen},
  journal={Proceedings of the 8th ACM on Multimedia Systems Conference},
  year={2017}
}

@article{as72,
author = {Atlas},
year = {2019},
url={http://www.endoatlas.com/atlas_1.html},
title = {The atlas of gastrointestinal endoscope},

}

@article{as73,
author = {Atlas},
year = {2019},
url={http://www.gastrointestinalatlas.com/index.html},
title = {	El salvador atlas of gastrointestinal video endoscopy},

}

@article{Pogorelov2017NerthusAB,
  title={Nerthus: A Bowel Preparation Quality Video Dataset},
  author={Konstantin Pogorelov and K. R. Randel and T. Lange and S. L. Eskeland and C. Griwodz and Dag Johansen and C. Spampinato and M. Taschwer and M. Lux and P. T. Schmidt and M. Riegler and P. Halvorsen},
  journal={Proceedings of the 8th ACM on Multimedia Systems Conference},
  year={2017}
}